<record><leader>00000cas a22000007a 4500</leader><controlfield tag="001">12429473</controlfield><controlfield tag="008">850827d19741975utuwr ne      0    0eng d</controlfield><datafield ind1=" " ind2=" " tag="010"><subfield code="a">sn 85058224 </subfield></datafield><datafield ind1=" " ind2=" " tag="040"><subfield code="a">UNP</subfield><subfield code="b">eng</subfield><subfield code="c">UNP</subfield><subfield code="d">UBY</subfield><subfield code="d">OCLCQ</subfield><subfield code="d">OCLCF</subfield><subfield code="d">OCLCO</subfield></datafield><datafield ind1=" " ind2=" " tag="042"><subfield code="a">msc</subfield></datafield><datafield ind1=" " ind2=" " tag="043"><subfield code="a">n-us-ut</subfield></datafield><datafield ind1="0" ind2="4" tag="245"><subfield code="a">The Park City coalition.</subfield></datafield><datafield ind1=" " ind2=" " tag="260"><subfield code="a">Park City, Utah :</subfield><subfield code="b">D. Prescott &amp; J. Peterson,</subfield><subfield code="c">1974-1975.</subfield></datafield><datafield ind1=" " ind2=" " tag="300"><subfield code="a">2 v. :</subfield><subfield code="b">ill.</subfield></datafield><datafield ind1=" " ind2=" " tag="310"><subfield code="a">Weekly</subfield></datafield><datafield ind1="0" ind2=" " tag="362"><subfield code="a">Vol. 1, no. 1 (Feb. 20, 1974)-v. 2, no. 28 (Sept. 17, 1975).</subfield></datafield><datafield ind1=" " ind2=" " tag="515"><subfield code="a">Suspended publication May 14-28, 1975.</subfield></datafield><datafield ind1=" " ind2="0" tag="651"><subfield code="a">Park City (Utah)</subfield><subfield code="v">Newspapers.</subfield></datafield><datafield ind1=" " ind2="0" tag="651"><subfield code="a">Summit County (Utah)</subfield><subfield code="v">Newspapers.</subfield></datafield><datafield ind1=" " ind2="7" tag="655"><subfield code="a">Newspapers.</subfield><subfield code="2">fast</subfield><subfield code="0">(OCoLC)fst01423814</subfield></datafield><datafield ind1=" " ind2="7" tag="651"><subfield code="a">Utah</subfield><subfield code="z">Park City.</subfield><subfield code="2">fast</subfield><subfield code="0">(OCoLC)fst01225410</subfield></datafield><datafield ind1=" " ind2="7" tag="651"><subfield code="a">Utah</subfield><subfield code="z">Summit County.</subfield><subfield code="2">fast</subfield><subfield code="0">(OCoLC)fst01218286</subfield></datafield><datafield ind1=" " ind2=" " tag="752"><subfield code="a">United States</subfield><subfield code="b">Utah</subfield><subfield code="c">Summit</subfield><subfield code="d">Park City.</subfield></datafield><datafield ind1="0" ind2="0" tag="785"><subfield code="t">Newspaper (Park City, Utah)</subfield><subfield code="w">(DLC)sn 85058225</subfield><subfield code="w">(OCoLC)12429491</subfield></datafield></record>